<?xml version="1.0" encoding="UTF-8"?>
<record xmlns="http://www.loc.gov/MARC21/slim" xmlns:xsi="http://www.w3.org/2001/XMLSchema-instance" xsi:schemaLocation="http://www.loc.gov/MARC21/slim http://www.loc.gov/standards/marcxml/schema/MARC21slim.xsd">
<leader>     nam a2200265   4500</leader>
<controlfield tag="001">001676799</controlfield>
<controlfield tag="003">NNU</controlfield>
<controlfield tag="005">20001218190225.0</controlfield>
<controlfield tag="008">900314m19661969iq       b    00  0 ara</controlfield>
<datafield tag="010" ind1=" " ind2=" ">
<subfield code="a">ne 67001785</subfield>
</datafield>
<datafield tag="035" ind1="9" ind2=" ">
<subfield code="a">NYUb12220160</subfield>
</datafield>
<datafield tag="035" ind1=" " ind2=" ">
<subfield code="a">(CStRLIN)DCGGB15319507-B</subfield>
</datafield>
<datafield tag="100" ind1="1" ind2=" ">
<subfield code="a">Tikrītī, ʻAbd al-Raḥmān.</subfield>
</datafield>
<datafield tag="245" ind1="1" ind2="3">
<subfield code="a">al-Amthāl al-Baghdādīyah al-muqāranah :</subfield>
<subfield code="b">muqāranah maʻa amthāl aḥad ʻashar quṭran ʻArabīyan /</subfield>
<subfield code="c">taʼlīf ʻAbd al-Raḥmān al-Tikrītī.</subfield>
</datafield>
<datafield tag="260" ind1=" " ind2=" ">
<subfield code="a">Baghdād :</subfield>
<subfield code="b">[s.n.],</subfield>
<subfield code="c">1966-1969.</subfield>
</datafield>
<datafield tag="300" ind1=" " ind2=" ">
<subfield code="a">4 v. ;</subfield>
<subfield code="c">24 cm.</subfield>
</datafield>
<datafield tag="500" ind1=" " ind2=" ">
<subfield code="a">Added t.p.: Comparative proverbs of Baghdad compared with the proverbs of eleven Arab countries, by Abdul-Rahman al-Tikriti.</subfield>
</datafield>
<datafield tag="500" ind1=" " ind2=" ">
<subfield code="a">Foreward by Meer S. Basri in English, French, and German.</subfield>
</datafield>
<datafield tag="504" ind1=" " ind2=" ">
<subfield code="a">Bibliography: v. 4, p. 526-546.</subfield>
</datafield>
<datafield tag="505" ind1="0" ind2=" ">
<subfield code="a">1. Alif-Bāʼ. -- 2. Tā-Sīn. -- 3. Shīn-Lām. -- 4. Mīm-Yāʼ</subfield>
</datafield>
<datafield tag="650" ind1=" " ind2="0">
<subfield code="a">Proverbs, Arabic</subfield>
<subfield code="z">Iraq</subfield>
<subfield code="z">Baghdad.</subfield>
</datafield>
<datafield tag="650" ind1=" " ind2="0">
<subfield code="a">Proverbs, Arabic.</subfield>
</datafield>
<datafield tag="OWN" ind1=" " ind2=" ">
<subfield code="a">GENERAL</subfield>
</datafield>
<datafield tag="950" ind1=" " ind2=" ">
<subfield code="l">BMAIN</subfield>
<subfield code="a">PN6519.A7</subfield>
<subfield code="b">T55</subfield>
</datafield>
<datafield tag="955" ind1=" " ind2=" ">
<subfield code="l">BMAIN</subfield>
<subfield code="c">1:v.3</subfield>
<subfield code="r">029146456</subfield>
</datafield>
<datafield tag="987" ind1=" " ind2=" ">
<subfield code="a">match points : missing?</subfield>
</datafield>
<datafield tag="998" ind1=" " ind2=" ">
<subfield code="s">9115</subfield>
</datafield>
<datafield tag="AVA" ind1=" " ind2=" ">
<subfield code="a">NYU50</subfield>
<subfield code="b">BOBST</subfield>
<subfield code="c">Main Collection</subfield>
<subfield code="d">PN6519.A7 T55</subfield>
<subfield code="e">unavailable</subfield>
<subfield code="t">Unavailable</subfield>
<subfield code="f">1</subfield>
<subfield code="g">1</subfield>
<subfield code="h">Y</subfield>
<subfield code="i">0</subfield>
<subfield code="j">MAIN</subfield>
<subfield code="k">0</subfield>
</datafield>
</record>
